<record><leader>00000cas a22000007a 4500</leader><controlfield tag="001">13472425</controlfield><controlfield tag="008">860422d18951897coudn ne      0    0eng d</controlfield><datafield ind1=" " ind2=" " tag="010"><subfield code="a">sn 86091274 </subfield></datafield><datafield ind1=" " ind2=" " tag="040"><subfield code="a">UNP</subfield><subfield code="b">eng</subfield><subfield code="c">UNP</subfield><subfield code="d">CNQ</subfield><subfield code="d">OCLCQ</subfield></datafield><datafield ind1=" " ind2=" " tag="042"><subfield code="a">msc</subfield></datafield><datafield ind1=" " ind2="4" tag="050"><subfield code="a">AN2.C6</subfield><subfield code="b">D87</subfield></datafield><datafield ind1="0" ind2="4" tag="245"><subfield code="a">The Durango herald and Daily Southwest.</subfield></datafield><datafield ind1="1" ind2="7" tag="246"><subfield code="a">Daily herald</subfield></datafield><datafield ind1=" " ind2=" " tag="260"><subfield code="a">Durango, Colo :</subfield><subfield code="b">Durango Print. Co.,</subfield><subfield code="c">-1897.</subfield></datafield><datafield ind1=" " ind2=" " tag="300"><subfield code="a">v.</subfield></datafield><datafield ind1=" " ind2=" " tag="310"><subfield code="a">Daily (except Mon.)</subfield></datafield><datafield ind1="1" ind2=" " tag="362"><subfield code="a">Began in Jan. 1895.</subfield></datafield><datafield ind1="0" ind2=" " tag="362"><subfield code="a">-Herald v. 9, no. 246 (Aug. 15, 1897).</subfield></datafield><datafield ind1=" " ind2=" " tag="515"><subfield code="a">Apr. 16, 1895 issue incorrectly dated Apr. 18.</subfield></datafield><datafield ind1=" " ind2=" " tag="580"><subfield code="a">Formed by the union of: Durango herald (Durango. Colo. : Daily : 1892), and: Daily Southwest (Durango, Colo.), and retains the numbering of both.</subfield></datafield><datafield ind1=" " ind2=" " tag="580"><subfield code="a">Weekly ed.: Durango herald (Durango, Colo. : Weekly : 1895).</subfield></datafield><datafield ind1=" " ind2=" " tag="588"><subfield code="a">Description based on: Herald vol. 8, no. 191 (Jan. 3, 1895) = Southwest v. 3, no. 310.</subfield></datafield><datafield ind1=" " ind2=" " tag="752"><subfield code="a">United States</subfield><subfield code="b">Colorado</subfield><subfield code="c">La Plata</subfield><subfield code="d">Durango.</subfield></datafield><datafield ind1="1" ind2=" " tag="775"><subfield code="t">Durango herald (Durango, Colo. : Weekly : 1895)</subfield><subfield code="w">(DLC)sn 86091270</subfield><subfield code="w">(OCoLC)13461884</subfield></datafield><datafield ind1="1" ind2="4" tag="780"><subfield code="t">Durango herald (Durango, Colo. : Daily : 1892)</subfield><subfield code="w">(DLC)sn 86091272</subfield><subfield code="w">(OCoLC)13462052</subfield></datafield><datafield ind1="1" ind2="4" tag="780"><subfield code="t">Daily Southwest (Durango, Colo.)</subfield><subfield code="w">(DLC)sn 86091273</subfield><subfield code="w">(OCoLC)13462241</subfield></datafield><datafield ind1="0" ind2="0" tag="785"><subfield code="t">Durango evening herald</subfield><subfield code="w">(DLC)sn 86091275</subfield><subfield code="w">(OCoLC)13472766</subfield></datafield><datafield ind1="1" ind2=" " tag="029"><subfield code="a">AU@</subfield><subfield code="b">000023435715</subfield></datafield></record>